<record><leader>00000cas a22000007a 4500</leader><controlfield tag="001">15927010</controlfield><controlfield tag="008">870612d187818uuvaudn ne      0    0eng d</controlfield><datafield ind1=" " ind2=" " tag="010"><subfield code="a">sn 87090557 </subfield></datafield><datafield ind1=" " ind2=" " tag="040"><subfield code="a">PPM</subfield><subfield code="b">eng</subfield><subfield code="c">PPM</subfield><subfield code="d">NVK</subfield><subfield code="d">OCLCQ</subfield><subfield code="d">OCLCF</subfield><subfield code="d">OCLCO</subfield></datafield><datafield ind1="1" ind2=" " tag="029"><subfield code="a">AU@</subfield><subfield code="b">000025827241</subfield></datafield><datafield ind1=" " ind2=" " tag="042"><subfield code="a">msc</subfield></datafield><datafield ind1=" " ind2=" " tag="043"><subfield code="a">n-us-va</subfield></datafield><datafield ind1="0" ind2=" " tag="130"><subfield code="a">Portsmouth times (Portsmouth, Va.)</subfield></datafield><datafield ind1="1" ind2="0" tag="245"><subfield code="a">Portsmouth times.</subfield></datafield><datafield ind1=" " ind2=" " tag="260"><subfield code="a">Portsmouth, Va. :</subfield><subfield code="b">J.B. Campbell</subfield></datafield><datafield ind1=" " ind2=" " tag="310"><subfield code="a">Daily (except Mon.)</subfield></datafield><datafield ind1="1" ind2=" " tag="362"><subfield code="a">Began Mar. 12, 1878.</subfield></datafield><datafield ind1=" " ind2=" " tag="588"><subfield code="a">Description based on: Vol. 1, no. 2 (Mar. 13, 1878).</subfield></datafield><datafield ind1=" " ind2="0" tag="651"><subfield code="a">Portsmouth (Va.)</subfield><subfield code="v">Newspapers.</subfield></datafield><datafield ind1=" " ind2="7" tag="655"><subfield code="a">Newspapers.</subfield><subfield code="2">fast</subfield><subfield code="0">(OCoLC)fst01423814</subfield></datafield><datafield ind1=" " ind2="7" tag="651"><subfield code="a">Virginia</subfield><subfield code="z">Portsmouth.</subfield><subfield code="2">fast</subfield><subfield code="0">(OCoLC)fst01213398</subfield></datafield><datafield ind1=" " ind2=" " tag="752"><subfield code="a">United States</subfield><subfield code="b">Virginia</subfield><subfield code="d">Portsmouth.</subfield></datafield><datafield ind1="0" ind2="0" tag="785"><subfield code="t">Portsmouth daily times</subfield><subfield code="w">(DLC)sn 94059428</subfield></datafield></record>